@inbook{PauliFootnote,
  title={General Principles of Quantum Mechanics},
  author={Pauli, W},
  publisher={Springer-Verlag},
  address={Berlin Heidelberg New York},
  pages={63},
  chapter={4},
  year={1980}
}
@article {Galapon2002,
	author = {Galapon, Eric},
	title = {Pauli{\textquoteright}s theorem and quantum canonical pairs: the consistency of a bounded, self{\textendash}adjoint time operator canonically conjugate to a Hamiltonian with non{\textendash}empty point spectrum},
	volume = {458},
	number = {2018},
	pages = {451--472},
	year = {2002},
	doi = {10.1098/rspa.2001.0874},
	publisher = {The Royal Society},
	issn = {1364-5021},
	URL = {http://rspa.royalsocietypublishing.org/content/458/2018/451},
	eprint = {http://rspa.royalsocietypublishing.org/content/458/2018/451.full.pdf},
	journal = {Proceedings of the Royal Society of London A: Mathematical, Physical and Engineering Sciences},
	note = {\emph{arXiv}: \href{https://arxiv.org/abs/quant-ph/9908033}{quant-ph/9908033}}
}
@book{TQM1,
  doi = {10.1007/978-3-540-73473-4},
  url = {http://dx.doi.org/10.1007/978-3-540-73473-4},
  year  = {2007},
  publisher = {Springer Berlin Heidelberg},
  editor = {J.G. Muga and R. Sala Mayato and {\'{I}}.L. Egusquiza},
  title = {Time in Quantum Mechanics}
}
@book{TQM2,
  doi = {10.1007/978-3-642-03174-8},
  url = {http://dx.doi.org/10.1007/978-3-642-03174-8},
  year  = {2009},
  publisher = {Springer Berlin Heidelberg},
  editor = {Gonzalo Muga and Andreas Ruschhaupt and Adolfo Campo},
  title = {Time in Quantum Mechanics {II}}
}
@misc{Moore_density,
  author        = {Michael G. Moore},
  title         = {Lecture notes in Quantum Mechanics},
  year          = {2009},
  publisher={Michigan State University's Department of Physics and Astronomy},
  howpublished={\url{http://www.pa.msu.edu/~mmoore/851.html}},
  note			= {Lecture 34: The Density Operator}
}
@inbook{EncMath_Measure,
  Author = {},
  Title = {Encyclopaedia of Mathematics},
  Chapter = {Measure},
  Publisher = {Kluwer Academic Publishers},
  Year = {2002},
  ISBN = {1402006098},
  URL = {http://www.encyclopediaofmath.org/index.php?title=Measure&oldid=18607}
}
@book{VonNeumann,
	author={J. Von Neumann},
	title={Mathematical Foundations of Quantum Mechanics},
	publisher={Princeton University Press},
	year="1996"
}
@book{Ballentine,
  Author = {Leslie E Ballentine},
  Title = {Quantum Mechanics: A Modern Development},
  Publisher = {Wspc},
  Year = {1998},
  ISBN = {9810241054}
}
@misc{open_systems,
  author        = {Ahsan Nazir},
  title         = {Lecture notes on open quantum systems},
  publisher     = {Imperial College London, Faculty of Natural Sciences, Department of Physics},
  howpublished  = {\url{https://workspace.imperial.ac.uk/people/Public/anazir1/open_systems_notes.pdf}},
  url           = {https://www.imperial.ac.uk/people/a.nazir}
}
@article{Marletto:Evolution,
  title={Evolution without evolution, and without ambiguities},
  author={Marletto, Chiara and Vedral, Vlatko},
  journal={arXiv preprint arXiv:1610.04773},
  year={2016},
  url={https://arxiv.org/abs/1610.04773}
}
@article{Lloyd:Time,
  title={Quantum time},
  author={Giovannetti, Vittorio and Lloyd, Seth and Maccone, Lorenzo},
  journal={Physical Review D},
  volume={92},
  number={4},
  pages={045033},
  year={2015},
  publisher={APS},
  note = {\emph{arXiv}: \href{https://arxiv.org/abs/1504.04215}{1504.04215}}
}
@article{Prvanovic,
  title={Operator of Time and Properties of Solutions of Schroedinger Equation for Time Dependent Hamiltonian},
  author={Prvanovic, Slobodan and Arsenovic, Dusan},
  journal={arXiv preprint arXiv:1701.07076},
  year={2017},
  url={}
}
@inproceedings{Moreva:synthetic,
  title={The time as an emergent property of quantum mechanics, a synthetic description of a first experimental approach},
  author={Moreva, E and Brida, G and Gramegna, M and Giovannetti, V and Maccone, L and Genovese, M},
  booktitle={Journal of Physics: Conference Series},
  volume={626},
  number={1},
  pages={012019},
  year={2015},
  organization={IOP Publishing},
  url={https://arxiv.org/abs/1502.03264}
}