@inbook{PauliFootnote,
  title={General principles of quantum mechanics},
  author={Pauli, W},
  pages={63},
  chapter={4},
  year={1980}
}
