%% Computational tools

@Misc{comp:scipy,
  author =    {Eric Jones and Travis Oliphant and Pearu Peterson and others},
  title =     {{SciPy}: Open source scientific tools for {Python}},
  year =      {2001},
  url = "http://www.scipy.org/",
  note = {[Online; accessed \today]}
}
@book{comp:numpy,
 author = {Travis E. Oliphant},
 title = {Guide to NumPy},
 year = {2015},
 isbn = {151730007X},
 edition = {2nd},
 publisher = {CreateSpace Independent Publishing Platform},
 address = {USA}
}
@ARTICLE{comp:matplotlib,
  author={J. D. Hunter},
  journal={Computing in Science Engineering},
  title={Matplotlib: A 2D Graphics Environment},
  year={2007},
  volume={9},
  number={3},
  pages={90-95},
  doi={10.1109/MCSE.2007.55},
  ISSN={1521-9615},
  month={5}
}
@article{comp:sympy,
 title = {SymPy: symbolic computing in Python},
 author = {Meurer, Aaron and Smith, Christopher P. and Paprocki, Mateusz and \v{C}ert\'{i}k, Ond\v{r}ej and Kirpichev, Sergey B. and Rocklin, Matthew and Kumar, AMiT and Ivanov, Sergiu and Moore, Jason K. and Singh, Sartaj and Rathnayake, Thilina and Vig, Sean and Granger, Brian E. and Muller, Richard P. and Bonazzi, Francesco and Gupta, Harsh and Vats, Shivam and Johansson, Fredrik and Pedregosa, Fabian and Curry, Matthew J. and Terrel, Andy R. and Rou\v{c}ka, \v{S}t\v{e}p\'{a}n and Saboo, Ashutosh and Fernando, Isuru and Kulal, Sumith and Cimrman, Robert and Scopatz, Anthony},
 year = 2017,
 month = 1,
 keywords = {Python, Computer algebra system, Symbolics},
 volume = 3,
 pages = {e103},
 journal = {PeerJ Computer Science},
 issn = {2376-5992},
 doi = {10.7717/peerj-cs.103}
}
@inproceedings{comp:jupyter,
  title = {Jupyter Notebooks --- a publishing format for reproducible computational workflows},
  author = {Thomas Kluyver AND Benjamin Ragan-Kelley AND Fernando Pérez AND Brian Granger AND Matthias Bussonnier AND Jonathan Frederic AND Kyle Kelley AND Jessica Hamrick AND Jason Grout AND Sylvain Corlay AND Paul Ivanov AND Damián Avila AND Safia Abdalla AND Carol Willing AND Jupyter Development Team},
  pages = {87-90},
  doi = {10.3233/978-1-61499-649-1-87},
  booktitle = {Ebook: Positioning and Power in Academic Publishing: Players, Agents and Agendas},
  booksubtitle = {Proceedings of the 20th International Conference on Electronic Publishing},
  organization = {IOS Press},
  year = {2016},
  editor = {Fernando Loizides AND Birgit Schmidt},
  note = {Jupyter homepage: \url{http://jupyter.org/}}
}
@misc{Wolfram,
  author = {{Wolfram Research{,} Inc.}},
  title = {Wolfram Development Platform, {V}ersion 11.3},
  year = {2018},
  url = {https://www.wolframcloud.com/}
}
