@inbook{PauliFootnote,
  crossref={Pauli},
  author={Pauli, W},
  pages={63},
  chapter={4}
}
@book{Pauli,
  title={General Principles of Quantum Mechanics},
  author={Pauli, W},
  publisher={Springer-Verlag},
  address={Berlin Heidelberg New York},
  year={1980}
}
@article {Galapon2002,
  author = {Galapon, Eric},
  title = {Pauli{\textquoteright}s theorem and quantum canonical pairs: the consistency of a bounded, self{\textendash}adjoint time operator canonically conjugate to a Hamiltonian with non{\textendash}empty point spectrum},
  volume = {458},
  number = {2018},
  pages = {451--472},
  year = {2002},
  doi = {10.1098/rspa.2001.0874},
  publisher = {The Royal Society},
  issn = {1364-5021},
  journal = {Proceedings of the Royal Society of London A: Mathematical, Physical and Engineering Sciences},
  eprint = {quant-ph/9908033},
  eprinttype = {arXiv}
}
@book{TQM1,
  doi = {10.1007/978-3-540-73473-4},
  year  = {2007},
  publisher = {Springer Berlin Heidelberg},
  editor = {Juan Gonzalo Muga and Rafael Sala Mayato and {\'{I}\~{n}igo} Luis Egusquiza},
  title = {Time in Quantum Mechanics}
}
@book{TQM2,
  doi = {10.1007/978-3-642-03174-8},
  year  = {2009},
  publisher = {Springer Berlin Heidelberg},
  editor = {Juan Gonzalo Muga and Andreas Ruschhaupt and Adolfo Campo},
  title = {Time in Quantum Mechanics {II}}
}
@article{RuschhauptAbsorption,
  author={Andreas Ruschhaupt and Jukka Kiukas and Piet O Schmidt and Reinhard F Werner},
  title={Exact energy--time uncertainty relation for arrival time by absorption},
  journal={Journal of Physics A: Mathematical and Theoretical},
  volume={45},
  number={18},
  pages={185301},
  year={2012},
  doi={10.1088/1751-8113/45/18/185301},
  eprint={1109.5087},
  eprinttype={arXiv}
}
@misc{Moore_density,
  author        = {Michael G. Moore},
  title         = {Lecture notes in Quantum Mechanics},
  year          = {2009},
  publisher={Michigan State University's Department of Physics and Astronomy},
  howpublished={\url{http://www.pa.msu.edu/~mmoore/851.html}},
  note			= {Lecture 34: The Density Operator}
}
@inbook{EncMath_Measure,
  Author = {Sazonov, V. V.},
  BookTitle = {Encyclopaedia of Mathematics},
  Title = {Measure},
  Publisher = {Kluwer Academic Publishers},
  Year = {2002},
  ISBN = {1402006098},
  URL = {http://www.encyclopediaofmath.org/index.php?title=Measure&oldid=18607}
}
@book{VonNeumann,
	author={J. von Neumann},
	title={Mathematical Foundations of Quantum Mechanics},
	publisher={Princeton University Press},
	year={1996}
}
@book{Ballentine,
  Author = {Leslie E Ballentine},
  Title = {Quantum Mechanics: A Modern Development},
  Publisher = {World Scientific},
  Year = {1998},
  ISBN = {9810241054}
}
@book{Cohen-Tannoudji,
  title={Quantum Mechanics},
  author={Cohen-Tannoudji, C. and Diu, B. and Lalo{\"e}, F.},
  isbn={978-0471-164333},
  year={1977},
  publisher={Wiley}
}
@book{ScullyZubairy,
  title={Quantum Optics},
  author={Scully, Marlan O. AND Zubairy, M. Suhail},
  isbn={0-521-43458-0},
  year={1997},
  publisher={Cambridge University Press}
}
@book{WallsMilburn,
  title={Quantum Optics},
  author={Walls, D. F. AND Milburn, Gerard J.},
  isbn={978-3-540-28573-1},
  year={2008},
  edition={2nd},
  publisher={Springer}  
}
@misc{open_systems,
  author        = {Ahsan Nazir},
  year          = {2012},
  title         = {Lecture notes on open quantum systems},
  howpublished  = {Online: \href{https://www.semanticscholar.org/}{SemanticScholar.org}}
}
@article{Marletto:Evolution,
  title={Evolution without evolution, and without ambiguities},
  author={Marletto, Chiara and Vedral, Vlatko},
  journal={Physical Review D},
  volume={95},
  number={4},
  pages={043510},
  year={2017},
  doi={10.1103/PhysRevD.95.043510},
  eprint={1610.04773},
  eprinttype={arXiv}
}
@article{Lloyd:Time,
  title={{Q}uantum {T}ime},
  author={Giovannetti, Vittorio and Lloyd, Seth and Maccone, Lorenzo},
  journal={Physical Review D},
  volume={92},
  number={4},
  pages={045033},
  year={2015},
  publisher={APS},
  eprint = {1504.04215v3},
  eprinttype = {arXiv},
  doi = {10.1103/PhysRevD.92.045033}
}
@misc{Maccone:QGR,
Author = {Lorenzo Maccone},
Title = {A fundamental problem in quantizing general relativity},
Year = {2018},
Month = {07},
Eprint = {1807.01307},
EprintType = {arXiv}
}
@misc{Prvanovic,
  Author = {Slobodan Prvanovic},
  Title = {Operator of Time and Generalized Schroedinger Equation},
  Year = {2017},
  Eprint = {1701.05244},
  EprintType = {arXiv}
}
@inproceedings{Moreva:synthetic,
  title={The time as an emergent property of quantum mechanics, a synthetic description of a first experimental approach},
  author={Moreva, Ekaterina and Brida, Giorgio and Gramegna, Marco and Giovannetti, Vittorio and Maccone, Lorenzo and Genovese, Marco},
  booktitle={Journal of Physics: Conference Series},
  volume={626},
  number={1},
  pages={012019},
  year={2015},
  organization={IOP Publishing},
  doi={10.1088/1742-6596/626/1/012019},
  eprint={1502.03264},
  eprinttype={arXiv}
}
@article{Moreva:illustration,
  title = {Time from quantum entanglement: An experimental illustration},
  author = {Moreva, Ekaterina and Brida, Giorgio and Gramegna, Marco and Giovannetti, Vittorio and Maccone, Lorenzo and Genovese, Marco},
  journal = {Phys. Rev. A},
  volume = {89},
  issue = {5},
  pages = {052122},
  numpages = {6},
  year = {2014},
  month = {05},
  publisher = {American Physical Society},
  doi = {10.1103/PhysRevA.89.052122},
  eprint = {1310.4691},
  eprinttype = {arXiv}
}
@online{Moreva_position,
  Author = {Ekaterina Moreva and Marco Gramegna and Giorgio Brida and Lorenzo Maccone and Marco Genovese},
  Title = {Quantum time: experimental multi-time correlations},
  Year = {2017},
  Eprint = {1710.00707},
  Eprinttype = {arXiv},
}
@misc{crystal2,
  Author = {Andrzej Syrwid and Jakub Zakrzewski and Krzysztof Sacha},
  Title = {Time crystal behavior of excited eigenstates},
  Year = {2017},
  Eprint = {1702.05006},
  EprintType = {arXiv}
}
@misc{crystal3,
  Author = {Keiji Nakatsugawa and Toshiyuki Fujii and Satoshi Tanda},
  Title = {Effective Quantum Time Crystal by Decoherence},
  Year = {2017},
  Eprint = {1703.04002},
  EprintType = {arXiv}
}
@article{crystal2012,
  Author = {Frank Wilczek},
  Title = {Quantum Time Crystals},
  Year = {2012},
  Volume = {109},
  Issue = {16},
  Journal = {Phys. Rev. Lett.},
  Eprint = {1202.2539},
  Eprinttype = {arXiv},
  Doi = {10.1103/PhysRevLett.109.160401}
}
@article{ConnesRovelliThermo,
  title={Von Neumann algebra automorphisms and time-thermodynamics relation in generally covariant quantum theories},
  author={Connes, Alain and Rovelli, Carlo},
  journal={Classical and Quantum Gravity},
  volume={11},
  number={12},
  pages={2899},
  year={1994},
  publisher={IOP Publishing},
  eprint={gr-qc/9406019},
  eprinttype={arXiv}
}
@article{PageWootters,
  title = {Evolution without evolution: Dynamics described by stationary observables},
  author = {Page, Don N. and Wootters, William K.},
  journal = {Phys. Rev. D},
  volume = {27},
  issue = {12},
  pages = {2885--2892},
  numpages = {0},
  year = {1983},
  month = {06},
  publisher = {American Physical Society},
  doi = {10.1103/PhysRevD.27.2885},
  url = {https://link.aps.org/doi/10.1103/PhysRevD.27.2885}
}
@article{LeggettGarg+PageWootters,
  Author = {D. Gangopadhyay and A. Sinha Roy},
  Title = {{The Leggett-Garg inequality and Page and Wootters mechanism}},
  Year = {2016},
  journal={EPL (Europhysics Letters)},
  volume={116},
  number={4},
  pages={40007},
  Eprint = {1608.06070},
  eprinttype = {arxiv},
  Doi = {10.1209/0295-5075/116/40007}
}
@misc{MeasurementMarkovian,
  Author = {Jennifer R. Glick and Christoph Adami},
  Title = {Markovian and non-Markovian quantum measurements},
  Year = {2017},
  Eprint = {1701.05636},
  EprintType = {arXiv}
}
@misc{CarmichaelOQS2017,
  author = {S. J. Whalen and A. L. Grimsmo and H. J. Carmichael},
  title = {Open quantum systems with delayed coherent feedback},
  year = {2017},
  eprint = {1702.05776},
  eprinttype = {arxiv}
}
@article{EntanglementVsDecoherence,
  Author = {Kim, Yong-Su and Lee, Jong-Chan and Kwon, Osung and Kim, Yoon-Ho},
  Journal = {Nat Phys},
  Month = {02},
  Number = {2},
  Pages = {117--120},
  Publisher = {Nature Publishing Group},
  Title = {Protecting entanglement from decoherence using weak measurement and quantum measurement reversal},
  DOI = {10.1038/nphys2178},
  Volume = {8},
  Year = {2012},
}
@book{PreskillNotes,
  author        = {Preskill, John},
  title         = {Lecture notes on Quantum Computation},
  year          = {2015},
  url           = {http://www.theory.caltech.edu/people/preskill/ph219/},
  publisher     = {California Institute of Technology}
}
@article{Zurek_Einselect,
  Author = {Wojciech Hubert Zurek},
  Title = {Decoherence, einselection, and the quantum origins of the classical},
  Year = {2003},
  Journal = {Rev. Mod. Phys.},
  volume = {75},
  issue = {3},
  Doi = {10.1103/RevModPhys.75.715},
  eprinttype = {arxiv},
  Eprint = {quant-ph/0105127},
  Note = {
    See also
    \href{http://indico.ictp.it/event/8216/}{ICTP Colloquium}
    at Abdus Salam Centre, Trieste,
    May \nth{16}, 2017, with a
    \href{https://www.youtube.com/watch?v=7Sn63t3BeMc}{video stream}
    available online
  }
}
@incollection{Zurek_Decoherence,
  title={Decoherence and the transition from quantum to classicalâ€”revisited},
  author={Zurek, Wojciech Hubert},
  booktitle={Quantum Decoherence},
  pages={1--31},
  year={2006},
  publisher={Springer},
  eprint={quant-ph/0306072},
  eprinttype = {arxiv}
}
@Inbook{Zurek_Fundamentals,
  author="Paz, Juan Pablo and Zurek, Wojciech Hubert",
  editor="Heiss, Dieter",
  title="Environment-Induced Decoherence and the Transition from Quantum to Classical",
  bookTitle="Fundamentals of Quantum Information: Quantum Computation, Communication, Decoherence and All That",
  year="2002",
  publisher="Springer Berlin Heidelberg",
  pages="77--148",
  isbn="978-3-540-45933-0",
  doi="10.1007/3-540-45933-2_4",
  eprint={quant-ph/0010011},
  eprinttype={arxiv}
}
@article{Schlosshauer_Decoherence,
  title={Decoherence, the measurement problem, and interpretations of quantum mechanics},
  author={Schlosshauer, Maximilian},
  journal={Reviews of Modern Physics},
  volume={76},
  number={4},
  pages={1267},
  year={2005},
  publisher={APS},
  eprint={quant-ph/0312059},
  eprinttype = {arxiv}
}
@book{Haroche_Exploring,
  title={Exploring the Quantum: Atoms, Cavities, and Photons},
  author={Haroche, Serge and Raimond, Jean-Michel},
  year={2006},
  isbn={0-19-850914-6},
  publisher={Oxford University Press}
}
@book{Nakahara,
  title={Quantum computing: from linear algebra to physical realizations},
  author={Nakahara, Mikio and Ohmi, Tetsuo},
  year={2008},
  publisher={CRC press},
  note={Related lecture notes available at \url{http://www.math.wm.edu/~ckli/qc2011/taiyuan.pdf}}
}
@book{NielsenChuang,
  Author = {Michael A. Nielsen and Isaac L. Chuang},
  Title = {Quantum Computation and Quantum Information: 10th Anniversary Edition},
  Publisher = {Cambridge University Press},
  Year = {2011},
  ISBN = {1107002176},
  URL = {http://www.cambridge.org/9780521635035}
}
@phdthesis{BeneduciPhD,
  url = {https://dea.lib.unideb.hu/dea/bitstream/handle/2437/200830/thesis_t.pdf},
  year  = {2014},
  month = {12},
  school = {University of Debrecen, Hungary},
  author = {Roberto Beneduci},
  title = {Mathematical Structure of Positive Operator Valued Measures and Applications}
}
@book{Berberian,
  title={Notes on spectral theory},
  author={Berberian, Sterling K},
  volume={5},
  year={1966},
  publisher={Van Nostrand Princeton, NJ}
}
@misc{Maccone:Pauli,
  Author = {Juan Leon and Lorenzo Maccone},
  Title = {The {P}auli objection},
  Year = {2017},
  Eprint = {1705.09212},
  EprintType = {arXiv}
}
@misc{Maccone:QMOT,
  Author = {Lorenzo Maccone and Krzysztof Sacha},
  Title = {Quantum measurements of time},
  Year = {2018},
  Eprint = {1810.12869},
  EprintType = {arXiv}
}
@misc{RealisticClocks,
  Author = {K. L. H. Bryan and A. J. M. Medved},
  Title = {Realistic clocks for a Universe without time},
  Year = {2017},
  Eprint = {1706.02531},
  EprintType = {arXiv}
}
@online{TimeAnyons,
  Author = {Aleksandrina Nikolova and Gavin Brennen and Tobias J. Osborne and Gerard Milburn and Thomas M. Stace},
  Title = {Relational time in anyonic systems},
  Year = {2017},
  Eprint = {1705.04130},
  Eprinttype = {arXiv}
}
@article{HarmonicClocks,
  Author = {Vincent Corbin and Neil J. Cornish},
  Title = {Semi-classical limit and minimum decoherence in the Conditional Probability Interpretation of Quantum Mechanics},
  Eprint = {0811.2814},
  Eprinttype = {arXiv},
  Journal = {Found. Phys.},
  Year = {2009},
  Volume = {39},
  Pages = {474-485},
  Doi = {10.1007/s10701-009-9298-5},
}
@article{Galapon_KG,
  Author = {Joseph Bunao and Eric Galapon},
  Title = {A one-particle time of arrival operator for a free relativistic spin-0 charged particle in (1+1) dimensions},
  Year = {2015},
  Eprint = {1509.00323},
  Eprinttype = {arXiv},
  Journal = {Ann. Phys.},
  Volume = {353},
  Pages = {83-106},
  Doi = {10.1016/j.aop.2014.11.003},
}
@inproceedings{Gambini_PW,
  doi = {10.1142/9789812791238_0004},
  year  = {2003},
  month = {08},
  publisher = {{World} {Scientific}},
  author = {Rodolfo Gambini and Rafael A. Porto and J. Pullin},
  title = {{Consistent} {discrete} {gravity} {solution} {of} {the} {problem} {of} {time}: a {model}},
  booktitle = {Recent Developments in Gravity},
  eprint = {gr-qc/0302064},
  eprinttype = {arXiv}
}
@article{YearsleyHalliwell_Clocks,
  title = {Quantum arrival and dwell times via idealized clocks},
  author = {Yearsley, J. M. and Halliwell, J. J. and Downs, D. A. and Hashagen, A. K.},
  journal = {Phys. Rev. A},
  volume = {84},
  issue = {2},
  pages = {022109},
  numpages = {8},
  year = {2011},
  month = {08},
  publisher = {American Physical Society},
  doi = {10.1103/PhysRevA.84.022109},
  eprint = {1106.4767},
  eprinttype = {arXiv}
}
@article{Delgado_TOA,
  Author = {V. Delgado and J. G. Muga},
  Title = {Arrival time in quantum mechanics},
  Year = {1997},
  Eprint = {quant-ph/9704010},
  Eprinttype = {arXiv},
  Journal = {Phys. Rev. A},
  Volume = {56},
  Pages = {3425},
  Doi = {10.1103/PhysRevA.56.3425}
}
@article{Delgado_TOA2,
  Author = {V. Delgado},
  Title = { Probability distribution of arrival times in quantum mechanics},
  Year = {1998},
  Eprint = {quant-ph/9709037},
  Eprinttype = {arXiv},
  Journal = {Phys. Rev. A},
  Volume = {57},
  Pages = {762},
  Doi = {10.1103/PhysRevA.57.762}
}
@article{Leon_TOA_R,
  author={J LeÃ³n},
  title={Time-of-arrival formalism for the relativistic particle},
  journal={Journal of Physics A: Mathematical and General},
  volume={30},
  number={13},
  pages={4791},
  doi={10.1088/0305-4470/30/13/027},
  year={1997},
  eprinttype={arXiv},
  eprint={quant-ph/9608013}
}
@article{Kijowski_Time,
  title={On the time operator in quantum mechanics and the Heisenberg uncertainty relation for energy and time},
  author={Kijowski, Jerzy},
  journal={Reports on Mathematical Physics},
  volume={6},
  number={3},
  pages={361--386},
  year={1974},
  publisher={Elsevier}
}
@article{Kijowski_Comment,
  title={Comment on ``Arrival time in quantum mechanics'' and ``Time of arrival in quantum mechanics''},
  author={Kijowski, Jerzy},
  journal={Physical Review A},
  volume={59},
  number={1},
  pages={897},
  year={1999},
  publisher={APS}
}
@article{Halliwell_Detector,
  title = "A self-adjoint arrival time operator inspired by measurement models",
  journal = "Physics Letters A",
  volume = "379",
  number = "39",
  pages = "2445 - 2451",
  year = "2015",
  issn = "0375-9601",
  doi = "10.1016/j.physleta.2015.07.040",
  author = "J.J. Halliwell and J. Evaeus and J. London and Y. Malik",
  eprint = "1504.02509",
  eprinttype = "arxiv"
}
@misc{HawtonPhotonPosition,
  title = "Photon position observable",
  year = "2015",
  author = "Hawton, Margaret AND Dabierre, Vincent",
  eprint = "1512.06067",
  eprinttype = "arxiv"
}
@Article{Weyl1927,
  author="Weyl, H.",
  title="Quantenmechanik und Gruppentheorie",
  journal="Zeitschrift f{\"u}r Physik",
  year="1927",
  month=11,
  day="01",
  volume="46",
  number="1",
  pages="1--46",
  issn="0044-3328",
  doi="10.1007/BF02055756"
}
@article{FiniteHilb,
  author={A Vourdas},
  title={{Quantum systems with finite Hilbert spaces}},
  journal={Reports on Progress in Physics},
  volume={67},
  number={3},
  pages={267},
  doi={10.1088/0034-4885/67/3/R03},
  year={2004}
}
@misc{Tong_Integers,
  author={David Tong},
  title={Physics and the Integers},
  year={2011},
  publisher={The Foundational Questions Institute (FQXi)},
  url={https://fqxi.org/community/forum/topic/897},
  note={Is Reality Digital or Analog? Essay Contest}
}
@book{Greiner_Rel,
  author={Walter Greiner},
  title={Relativistic quantum mechanics. Wave equations},
  year={2000},
  publisher={Springer-Verlag}
}
@book{Sakurai2,
  author={J.J. Sakurai and Jim Napolitano},
  title={Modern Quantum Mechanics},
  edition={2nd},
  year={2011},
  publisher={Addison-Wesley}
}
@book{DiracEquation,
  author={Bernd Thaller},
  title={The Dirac Equation},
  year={1992},
  publisher={Springer-Verlag}
}
@misc{Webber_notes,
  author={Bryan Webber},
  title={Gauge Field Theory},
  year={2006},
  url={http://www.hep.phy.cam.ac.uk/theory/webber/GFT/}
}
@book{PeskinSchroeder,
  author={Michael E. Peskin and Daniel V. Schroeder},
  title={An Introduction to Quantum Field Theory},
  year={1995},
  publisher={Perseus Books}
}
@book{Signal,
  Author = {Gordon E. Carlson},
  Title = {Signal and Linear System Analysis},
  Publisher = {Allied Publishers Pvt. Ltd.},
  Year = {1992},
  ISBN = {8170232384}
}
@inproceedings{Trotter-Suzuki:GPU,
  title={Boosting quantum evolutions using Trotter-Suzuki algorithms on GPUs},
  author={Bederi{\'a}n, Carlos S and Dente, Axel D},
  booktitle={Proceedings of HPCLatAm-11, 4th High-Performance Computing Symposium, C{\'o}rdoba, Argentina},
  year={2011},
  organization={Citeseer},
  url={http://citeseerx.ist.psu.edu/viewdoc/download?doi=10.1.1.705.3488&rep=rep1&type=pdf}
}
@article{Trotter-Suzuki:exp,
  author={Nathan Wiebe and Dominic Berry and Peter HÃ¸yer and Barry C Sanders},
  title={Higher order decompositions of ordered operator exponentials},
  journal={Journal of Physics A: Mathematical and Theoretical},
  volume={43},
  number={6},
  pages={065203},
  doi={10.1088/1751-8113/43/6/065203},
  year={2010},
  eprint={0812.0562},
  eprinttype={arXiv}
}
@article{Qudit,
  doi = {10.1038/nature22986},
  year  = {2017},
  month = {06},
  publisher = {Springer Nature},
  volume = {546},
  number = {7660},
  pages = {622--626},
  author = {Michael Kues and Christian Reimer and Piotr Roztocki and Luis Romero Cort{\'{e}}s and Stefania Sciara and Benjamin Wetzel and Yanbing Zhang and Alfonso Cino and Sai T. Chu and Brent E. Little and David J. Moss and Lucia Caspani and Jos{\'{e}} Aza{\~{n}}a and Roberto Morandotti},
  title = {On-chip generation of high-dimensional entangled quantum states and their coherent control},
  journal = {Nature}
}
@article{QuditComp,
  doi = {10.1038/nphys1150},
  year  = {2008},
  month = {12},
  publisher = {Springer Nature},
  volume = {5},
  number = {2},
  pages = {134--140},
  author = {Benjamin P. Lanyon and Marco Barbieri and Marcelo P. Almeida and Thomas Jennewein and Timothy C. Ralph and Kevin J. Resch and Geoff J. Pryde and Jeremy L. O'Brien and Alexei Gilchrist and Andrew G. White},
  title = {Simplifying quantum logic using higher-dimensional Hilbert spaces},
  journal = {Nature Physics}
}
@article{Wehner:Uncertainty,
  doi = {10.1088/1367-2630/12/2/025009},
  year  = {2010},
  month = {02},
  publisher = {{IOP} Publishing},
  volume = {12},
  number = {2},
  pages = {025009},
  author = {Stephanie Wehner and Andreas Winter},
  title = {Entropic uncertainty relations{\textemdash}a survey},
  journal = {New Journal of Physics},
  eprinttype = {arXiv},
  eprint = {0907.3704}
}
@article{Lloyd:Entropic,
  title={Entropic Energy-Time Uncertainty Relation},
  author={Coles, Patrick J and Katariya, Vishal and Lloyd, Seth and Marvian, Iman and Wilde, Mark M},
  eprinttype={arXiv},
  eprint={1805.07772},
  year={2018}
}
@article{Deutsch:Uncertainty,
  title = {Uncertainty in Quantum Measurements},
  author = {Deutsch, David},
  journal = {Phys. Rev. Lett.},
  volume = {50},
  issue = {9},
  pages = {631--633},
  year = {1983},
  month = {2},
  publisher = {American Physical Society},
  doi = {10.1103/PhysRevLett.50.631}
}
@article{Wave-function_approach,
  title = {Wave-function approach to dissipative processes in quantum optics},
  author = {Dalibard, Jean and Castin, Yvan and M\o{}lmer, Klaus},
  journal = {Phys. Rev. Lett.},
  volume = {68},
  issue = {5},
  pages = {580--583},
  numpages = {0},
  year = {1992},
  month = {02},
  publisher = {American Physical Society},
  doi = {10.1103/PhysRevLett.68.580}
}
@article{HowToResetAnAtom,
  title = {How to reset an atom after a photon detection: Applications to photon-counting processes},
  author = {Hegerfeldt, Gerhard C.},
  journal = {Phys. Rev. A},
  volume = {47},
  issue = {1},
  pages = {449--455},
  numpages = {0},
  year = {1993},
  month = {01},
  publisher = {American Physical Society},
  doi = {10.1103/PhysRevA.47.449},
}
@inbook{TheQuantumJumpApproach,
  title = {The Quantum Jump Approach and Quantum Trajectories},
  author = {Hegerfeldt, Gerhard C.},
  pages = {233--24},
  booktitle = {Irreversible Quantum Dynamics},
  editor = {Benatti, F. AND Floreanin, R.},
  year = {2003},
  publisher = {Springer},
  series = {Lecure Notes in Physics},
  doi = {10.1007/3-540-44874-8},
  url = {http://www.theorie.physik.uni-goettingen.de/~hegerf/trieste.pdf}
}
@article{QFT_0+1,
  author={A D Boozer},
  title={Quantum field theory in (0 + 1) dimensions},
  journal={European Journal of Physics},
  volume={28},
  number={4},
  pages={729},
  url={http://stacks.iop.org/0143-0807/28/i=4/a=012},
  year={2007}
}