@MISC{ShandonBells,
  author = {Kglavin},
  organization = {Wikimedia Foundation},
  title = {Shandon Bells, Cork},
  year = {2005},
  note = {[Online; created by user registered as ``Kglavin''; accessed February 22, 2021]},
  url = {https://commons.wikimedia.org/wiki/File:Shandon_bells_cork.jpg}
}
@book{CorkStrolls,
  title = {Cork Strolls: Exploring Corkâ€™s Architectural Treasures},
  author = {Gregory Bracken AND Audrey Bracken},
  year = {2018},
  publisher = {Gill \& Macmillan Ltd}
}
@misc{McCarron,
  author = {Mac McCarron},
  title = {Saint Anne's Church, Shandon, Cork},
  year = {2010},
  url = {https://www.geograph.ie/photo/1927664},
  note = {License: \href{https://creativecommons.org/licenses/by-sa/2.0/}{{cc-by-sa/2.0}}}
}